@misc{RFP,
	title={{Canada's Next Generation Robotics - Request for Proposal}},
	author={MacDonald Dettwiler and Associates},
	year={2015}
}

@misc{HphyEML,
	title = {{Lagrange Points of the Earth-Moon System}},
	howpublished={\url{http://hyperphysics.phy-astr.gsu.edu/hbase/mechanics/lagpt.html}},
	note = {Accessed: 07 October 2015}
}

@misc{NASAcomm,
	title = {{Examination of Communication Delays on Team Performance: Utilizing the ISS as a Testbed for Analog Research}},
	author = {L.B. Leveton, K.E. Keeton, L.L. Schmidt, K.J. Slack, P. Baskin, R. Ploutz-Snyder, L. Palinkas},
	howpublished = {\url{http://ntrs.nasa.gov/archive/nasa/casi.ntrs.nasa.gov/20120007707.pdf}},
	note = {Accessed: 07 October 2015}
	
@misc{NASAauto,
	author = {Jeffrey J. Biesiadecki, P. Chris Leger, Mark W. Maimone},
	title = {{Tradeoffs Between Directed and Autonomous Driving on the Mars Exploration Rovers}},
	howpublished = {\url{https://www-robotics.jpl.nasa.gov/publications/Mark_Maimone/tradeoffs_ijrr_07.pdf}},
	note = {Accessed: 2015/09/22}
}

@misc{ERAjoint,
	author = {D. Verhoeven},
	title = {{Space Mechanisms and Tribology for the Joints of
the European Robot Arm (ERA)}},
	howpublished = {\url{http://www.esmats.eu/esmatspapers/pastpapers/pdfs/1999/verhoeven.pdf}},
	note{Accessed: 07 October 2015}
}

@misc{NASAsysreq_Kumar,
	author = {R. Kumar and R. Hayes},
	title = {{System Requirements and Design Features of Space Station Remote Manipulator System Mechanics}},
	howpublished = {\url{http://ntrs.nasa.gov/archive/nasa/casi.ntrs.nasa.gov/19910015291.pdf}},
	note{Accessed: 07 October 2015}
}

@misc{NASAEE_Mishkin,
	author = {A.H. Mishkin and B.M. Jau},
	title = {{Space-Based Multifunctional End Effector Systems}},
	howpublished = {\url{http://ntrs.nasa.gov/archive/nasa/casi.ntrs.nasa.gov/19890001866.pdf}},
	note{Accessed: 07 October 2015}
}

@misc{NASAinspect_Hayati,
	author = {S. Hayati, J. Balaram, H. Seraji, W. S. Kim, K. Tso and V. Prasad},
	title = {{Remote Surface Inspection System}},
	howpublished = {\url{http://ntrs.nasa.gov/archive/nasa/casi.ntrs.nasa.gov/19930022910.pdf}},
	note{Accessed: 07 October 2015}
}

@misc{NASA_outgassing,
	author = {NASA},
	title = {{Description of Outgassing Data Report}},
	howpublished = {\url{https://outgassing.nasa.gov/og_desc.html}},
	year = {1997},
	month = {October},
	note{Accessed: 07 October 2015}
}

@misc{FAA_radiation,
	author = {Federal Aviation Administration},
	title = {{The Space Environment}},
	howpublished = {\url{https://www.faa.gov/other_visit/aviation_industry/designees_delegations/designee_types/ame/media/Section%20III.4.1.2%20The%20Space%20Environment.pdf}},
	note{Accessed: 22 September 2015}
}

@misc{spacedesigntemp,
	author = {J. E. Keese},
	title = {{Spacecraft Thermal Control Systems}},
	howpublished = {\url{http://ocw.mit.edu/courses/aeronautics-and-astronautics/16-851-satellite-engineering-fall-2003/lecture-notes/l23thermalcontro.pdf}},
	note{Accessed: 05 October 2015}
}

@misc{Marscomm,
	author = {AstroSurf.com},
	title = {{Space Communications with Mars}},
	howpublished = {\url{http://www.astrosurf.com/luxorion/qsl-mars-communication3.htm}},
	note{Accessed: 07 October 2015}
}

@misc{roboserve,
	author = {F. Morring, Jr. },
	title = {{Robotic Servicing Seen As Beneficial For Human Exploration}},
	howpublished = {\url{http://aviationweek.com/awin/robotic-servicing-seen-beneficial-human-exploration}},
	note{Accessed: 07 October 2015}
}




@misc{FAA,
	author = {Federal Aviation Administration},
	title = {{The Space Environment}},
	howpublished = {\url{https://www.faa.gov/other_visit/aviation_industry/designees_delegations/designee_types/ame/media/Section\%20III.4.1.2\%20The\%20Space\%20Environment.pdf}},
	note = {Accessed: 2015/09/22}
}

@misc{ULA,
	author={F.Zegler and B. Kutter},
	title={{Evolving to a Depot-Based Space Transportation Architecture}},
	year={2010}
}

@article{CADR1,
	author={Garry Lindberg},
	title={{Canadarm and its U of A Connections}},
	journal={U of A Engineer Magazine (University of Alberta)},
	year={},
	volume={}
}

@misc{moonfacts,
	author = {National Aeronautics and Space Administration},
	title = {{Moon Fact Sheet}},
	howpublished = {\url{http://nssdc.gsfc.nasa.gov/planetary/factsheet/moonfact.html}},
	note = {Accessed: 2015/09/22}
}

@misc{mars,
	author = {MarsNew.com},
	title = {{The Planet Mars}},
	howpublished = {\url{http://marsnews.com/the-planet-mars}},
	note = {Accessed: 2015/09/22}
}

@article{rob_sys,
	author={National Aeronautics and Space Administration},
	number={TA 4},
	title={{Robotics and Autonomous Systems}},
	year={2015}
}

@article{safety_issues,
	author={Milos Vasic and Aude Billard},
	title={{Safety Issues in Human-Robot Interactions}},
	year={2013}
}

@article{ISS_ass,
	author={National Aeronautics and Space Administration},
	title={{Space Station Assembly}},
	year={2013}
}

@misc{MDA_Carm2,
	author={MacDonald Dettwiler and Associates},
	title={{Canadarm2 End Effector}},
	howpublished = {\url{http://is.mdacorporation.com/mdais_canada/Offerings/Offerings_Canadarm2lee.aspx}},
	year={2012},
	note = {Accessed: 2015/09/22}
}

@misc{IEEE_Carm,
	author={MacDonald Dettwiler and Associates},
	title={{The Shuttle Remote Manipulator System - The Canadarm}},
	howpublished = {\url{http://www.ieee.ca/millennium/canadarm/canadarm_technical.html}},
	note = {Accessed: 2015/09/22}
}

@misc{TUD_mass,
	author={TU Delft},
	title={{Spacecraft preliminary mass estimation \& allocation}},
	howpublished = {\url{http://www.lr.tudelft.nl/en/organisation/departments/space-engineering/space-systems-engineering/expertise-areas/spacecraft-engineering/blind-documents/spacecraft-mass-budget/}},
	note = {Accessed: 2015/10/25}
}

@misc{cameras,
	author={Malin Space Science Systems},
	title={{Standard Modular Space Camera Systems}},
	howpublished = {\url{http://www.msss.com/space-cameras/}},
	note = {Accessed: 2015/10/25}
}

@misc{ESM_telescopic,
	author={L. Bourrec{,} L. Bernab\'e{,} V. Pires and S. Tremolieres},
	title={{Telescopic Boom for Space Applications Engineering Model}},
	howpublished = {\url{http://www.esmats.eu/esmatspapers/pastpapers/pdfs/2011/bourrec.pdf}},
	note = {Accessed: 2015/10/25}
}

@misc{IEEE_RMSperformance,
	author={R. Gillet and F. Ho},
	title={{Remote Manipulator System Performance Improvements Using a Fibre-Optic based Architecture}},
	howpublished = {\url{http://ieeexplore.ieee.org.myaccess.library.utoronto.ca/stamp/stamp.jsp?tp=&arnumber=727460&tag=1}},
	year={1998},
	note = {Accessed: 2015/10/25}
}

@misc{LISA_budget,
	author={National Aeronautics and Space Administration},
	title={{Laser Interferometer Space Antenna (LISA) System Technical Budgets}},
	howpublished = {\url{http://lisa.nasa.gov/Documentation/LISA-MSE-BR-0001.pdf}},
	year={2009},
	note = {Accessed: 2015/10/25}
}

@misc{NASA_microrover,
	author={L. A. Garc\'ia and E. Cester},
	title={{Analysis and Design of Microrover Delivery System}},
	howpublished = {\url{https://solarsystem.nasa.gov/docs/p398.pdf}},
	note = {Accessed: 2015/10/25}
}

@misc{Liion_Mars,
	author={B. V. Ratnakumar{,} M. C. Smart{,} L.D. Wh itcanack{,}  R. C. Ewell and S. Surampudi},
	title={{Li-Ion Rechargeable Batteries on Mars Exploration }},
	howpublished = {\url{http://www.researchgate.net/publication/238794735_Li-Ion_Rechargeable_Batteries_on_Mars_Exploration_Rovers}},
	year={2014},
	note = {Accessed: 2015/10/25}
}

@misc{ISS_power,
	author={National Aeronautics and Space Administration},
	title={{NASA Glenn Contributions to the International Space Station (ISS) Electrical Power System}},
	howpublished = {\url{http://www.nasa.gov/centers/glenn/about/fs06grc.html}},
	year={2011},
	note = {Accessed: 2015/10/25}
}

@misc{batt_primer,
	title={{Product Engineering Processes: Battery Primer}},
	howpublished = {\url{http://web.mit.edu/2.009/www/resources/mediaAndArticles/batteriesPrimer.pdf}},
	note = {Accessed: 2015/10/25}
}

@book{NiH_se,
	author={B. L. Theraja{,} A. K. Theraja and S. G. Tarnekar},
	title={{A Textbook of Electrical Technology}},
	publisher={S. Chand \& Company Ltd},
	volume={1}
}

@misc{NASA_energy,
	author={V. J. Lyons{,} G. A. Gonzalez{,} M. G. Houts{,} C. J. Iannello{,} J. H. Scott and S. Surampudi},
	title={{DRAFT Space Power and Energy Storage Roadmap}},
	howpublished = {\url{http://www.nasa.gov/pdf/501328main_TA03-SpacePowerStorage-DRAFT-Nov2010-A.pdf}},
	year={2010},
	note = {Accessed: 2015/10/25}
}

@article{CJME_EE,
	author={F. Feng{,} Y. W. Liu{,} H. Liu and H. G. Cai},
	title={{Design schemes and comparison research of the end-effector of large space manipulator}},
	journal={Chinese Journal of Mechanical Engineering},
	year={2012},
	volume={25},
	pages={674-687}
}

@misc{orbital_capture,
	author={S. Stamm and P. Motaghedi},
	title={{Orbital Express Capture System: concept to reality}},
	howpublished = {\url{https://www.google.ca/url?sa=t&rct=j&q=&esrc=s&source=web&cd=2&cad=rja&uact=8&ved=0CCMQFjABahUKEwjnhYO4_-PIAhUJOD4KHeHDA6w&url=http%3A%2F%2Fproceedings.spiedigitallibrary.org%2Fdata%2FConferences%2FSPIEP%2F23638%2F78_1.pdf&usg=AFQjCNF9IRxuXLLgWgLNJ6nhpsV8AOlW1g&sig2=28L88GvkGFYKDdwUMC28rw}},
	note = {Accessed: 2015/10/25}
}

@misc{ERA_EE,
	author={C. J. M. Heemskerk{,} M. Visser and D. Vrancken},
	title={{http://robotics.estec.esa.int/ASTRA/Astra2006/Papers/ASTRA2006-3.1.2.05.pdf}},
	howpublished = {\url{http://robotics.estec.esa.int/ASTRA/Astra2006/Papers/ASTRA2006-3.1.2.05.pdf}},
	year={2006},
	note = {Accessed: 2015/10/25}
}

@misc{ESA_motor,
	author={E. Favre{,} P. Gay-Crosier{,} N. Wavre and M. Verain},
	title={{European Electric Space Related Motors Handbook}},
	howpublished = {\url{http://www.esmats.eu/esmatspapers/pastpapers/pdfs/1999/favre.pdf}},
	note = {Accessed: 2015/10/25}
}

@misc{ERA_motor,
	author={F.C. Baker{,} E. Favre{,} J.-M. Mozzon{,} A. Crausaz and P. Juriens},
	title={{European Robotic Arm (ERA) Manipulator Joint SystemMotor Unit and Tribological Brake}},
	howpublished = {\url{http://www.esmats.eu/esmatspapers/pastpapers/pdfs/1999/baker.pdf}},
	note = {Accessed: 2015/10/25}
}

@inproceedings{arm_comp,
	author={P. Laryssa{,} E. Lindsay{,} O. Layi{,} O. Marius{,} K. Nara{,} L. Aris and T. Ed},
	title={{International Space Station Robotics: A Comparative Study of ERA, JEMRMS and MSS}},
	booktitle={7th ESA Workshop on Advanced Space Technologies for Robotics and Automation 'ASTRA 2002'ESTEC},
	year={2002}
}

@inbook{carbonfibreprop,
	author={P. J. Walsh},
	title={{Carbon Fibers}},
	booktitle={ASM Handbook},
	volume={21},
	year={2001}
}

@misc{alumniumprop,
	author={ASM Aerospace Spcification Metals Inc.},
	title={{ASM Material Data Sheet: Aluminum 7075-T6; 7075-T651}},
	howpublished = {\url{http://asm.matweb.com/search/SpecificMaterial.asp?bassnum=MA7075T6}},
	note = {Accessed: 2015/10/30}
}

@misc{steelprop,
	author={ASM Aerospace Spcification Metals Inc.},
	title={{ASM Material Data Sheet: AISI Type 304 Stainless Steel}},
	howpublished = {\url{http://asm.matweb.com/search/SpecificMaterial.asp?bassnum=MQ304A}},
	note = {Accessed: 2015/10/30}
}

@misc{titaniumprop,
	author={Arcam EBM System},
	title={{Ti6Al4V Titanium Alloy}},
	howpublished = {\url{http://www.arcam.com/wp-content/uploads/Arcam-Ti6Al4V-Titanium-Alloy.pdf}},
	note = {Accessed: 2015/10/30}
}

@misc{IM_solidprop,
	author={Isidoro Mart\'inez},
	title={{Properties of Solids}},
	howpublished = {\url{http://webserver.dmt.upm.es/~isidoro/dat1/eSol.pdf}},
	year={2015},
	note = {Accessed: 2015/10/25}
}

@article{GPL_solar,
	author={G. Kopp and J. L. Lean},
	title={{A new, lower value of total solar irradiance: Evidence and climate significance}},
	journal={Geophysical Research Letters},
	year={2011},
	volume={38}
}

@misc{RRE_solar,
	author={Red Rock Energy},
	title={{Heliostat Design Concepts: Solar Absorption \& Emissivity}},
	howpublished = {\url{http://www.redrok.com/concept.htm#emissivity}},
	year={2012},
	note = {Accessed: 2015/10/25}
}

@misc{ISS_Harmony,
	author={National Aeronautics and Space Administration},
	title={{International Space Station: Harmony}},
	howpublished = {\url{http://www.nasa.gov/mission_pages/station/structure/elements/node2.html#.VjP1L7erRD-}},
	note = {Accessed: 2015/10/30}
}

@misc{delta_launch,
	author={United Launch Alliance},
	title={{Delta IV Launch Services User’s Guide}},
	howpublished = {\url{http://www.ulalaunch.com/uploads/docs/Launch_Vehicles/Delta_IV_Users_Guide_June_2013.pdf}},
	year={2013},
	note = {Accessed: 2015/10/28}
}

@misc{atlas_launch,
	author={United Launch Alliance},
	title={{Atlas V Launch Services
User’s Guide}},
	howpublished = {\url{http://www.ulalaunch.com/uploads/docs/AtlasVUsersGuide2010.pdf}},
	year={2010},
	note = {Accessed: 2015/10/28}
}

@misc{heater_design,
	author={Minco},
	title={{Flexible Heaters Design Guide}},
	howpublished = {\url{http://www.minco.com/~/media/WWW/Resource%20Library/Minco_HeaterDesignGuide.pdf}},
	year={2007},
	note = {Accessed: 2015/11/08}
}

@misc{flex_heater,
	author={National Plastic Heater},
	title={{Kapton/Silicone Rubber Flexible Heaters}},
	howpublished = {\url{http://www.nphheaters.com/products/kapton/Kapton%20Flexible%20Heaters%20&%20Silicone%20Rubber%20Flexible%20Heaters.pdf}},
	note = {Accessed: 2015/11/08}
}

@misc{mech_fluidloop,
	author={MOOG Bradford},
	title={{Mechanically Pumped Fluid Loop}},
	howpublished = {\url{http://www.moog.com/literature/Space_Defense/Spacecraft/Avionics_Instruments/MPFL.pdf}},
	year={2013},
	note = {Accessed: 2015/11/08}
}

@misc{hightemp_fluidloop,
	author={A. D. Paris{,} P. Bhandari and G. C. Birur},
	title={{High Temperature Mechanically Pumped Fluid Loop for Space
Applications – Working Fluid Selection }},
	howpublished = {\url{http://pd-tech.com/wp-content/uploads/2014/08/pdt-paris.pdf}},
	year={2004},
	note = {Accessed: 2015/11/08}
}

@misc{tc_tech,
	author={M. N. De Parolis and W. Pinter-Krainer},
	title={{Current and Future Techniques for Spacecraft Thermal Control 1. Design drivers and current technologies}},
	howpublished = {\url{http://www.esa.int/esapub/bulletin/bullet87/paroli87.htm}},
	year={1996},
	note = {Accessed: 2015/11/08}
}

@misc{commtracksys,
	author={B. A. Bendkowski},
	title={{Communication and Tracking Systems}},
	howpublished = {\url{http://pages.erau.edu/~ericksol/projects/issa/commtrac.html#UHF%20System}},
	note = {Accessed: 2015/11/08}
}

@misc{spacewire_comm,
	author={S. Parkes and J. Rosello},
	title={{SpaceWire ECSS-E50-12A }},
	howpublished = {\url{http://spacewire.esa.int/content/TechPapers/documents/SpaceWire%20Standard%20%20ISWS%202003.pdf}},
	year={2003},
	note = {Accessed: 2015/11/08}
}

@misc{spacewire_uses,
	author={STAR-Dundee},
	title={{Who Uses SpaceWire?}},
	howpublished = {\url{https://www.star-dundee.com/knowledge-base/who-uses-spacewire}},
	year={2015},
	note = {Accessed: 2015/11/08}
}

@misc{CCSDS_design,
	author={The Consultative Committee for Space Data Systems},
	title={{Wireless Network Communications Overview for Space Mission Operations}},
	howpublished = {\url{http://public.ccsds.org/publications/archive/880x0g2.pdf}},
	year={2015},
	note = {Accessed: 2015/11/08}
}

@misc{studytopology,
	author={Study.com},
	title={{How Star, Bus, Ring \& Mesh Topology Connect Computer Networks in Organizations}},
	howpublished = {\url{http://study.com/academy/lesson/how-star-topology-connects-computer-networks-in-organizations.html}},
	note = {Accessed: 2015/11/08}
}

@misc{topology_intro,
	author={B. Mitchell},
	title={{Introduction to Computer Network Topology}},
	howpublished = {\url{http://compnetworking.about.com/od/networkdesign/a/topologies.htm}},
	note = {Accessed: 2015/11/08}
}

@misc{ISS_robotcompare,
	author={P. Laryssa{,} E. Lindsay{,} O. Layi{,} O. Marius{,} K. Nara{,} L. Aris and T. Ed},
	title={{International Space Station Robotics: A Comparative Study of ERA, JEMRMS and MSS}},
	howpublished = {\url{http://robotics.estec.esa.int/ASTRA/Astra2002/Papers/astra2002_1.3-1.pdf}},
	year={2002},
	note = {Accessed: 2015/11/08}
}

@misc{AER407_electricalnotes,
	author={R. GIllett},
	title={{AER 407F Space Systems Design Notes on Electrical System Design}},
	howpublished = {\url{https://portal.utoronto.ca/bbcswebdav/pid-4852972-dt-content-rid-28876333_2/courses/Fall-2015-AER407H1-F-PRA0101/Electrical_Systems_Notes_Gillett2015.pdf}},
	year={2015},
	note = {Accessed: 2015/11/08}
}

@book{spacecraftdesign,
	author={C. D. Brown},
	title={{Elements of Spacecraft Design}},
	publisher={American Institute of Aeronautics and Astronautics, Inc},
	year={2002}
}

@misc{MDA_ESP750,
	author={MacDonald Dettwiler and Associates},
	title={{Data Sheet: ESP750 Enhanced Space Processor Board}},
	howpublished = {\url{http://is.mdacorporation.com/mdais_canada/pdf/10800-6.0R3%20ESP750.pdf}},
	note = {Accessed: 2015/11/12}
}

@misc{AER407_Mech,
	author={J. Bansal{,} H. Xing{,} Y. J. Kim{,} G. C. Liu and L. Liu},
	title={{Mechanical Design for Canada's Next Generation Robotics}},
	year={2015},
	note = {Accessed: 2015/11/08}
}

@misc{TUDelft_powerbudget,
	author={B. T. C. Zandbergen},
	title={{Power budget}},
	howpublished = {\url{http://www.lr.tudelft.nl/en/organisation/departments/space-engineering/space-systems-engineering/expertise-areas/spacecraft-engineering/design-and-analysis/subsystems/electric-power/power-budget/}},
	year={2001},
	note = {Accessed: 2015/11/12}
}

@misc{ERA_powerbudget,
	author={H.J. Cruijssen{,} M. Ellenbroek{,} M. Henderson{,} H. Petersen{,} P. Verzijden and M. Visser},
	title={{The European Robotic Arm: A High-Performance Mechanism: Finally on its way to Space}},
	howpublished = {\url{http://www.esmats.eu/amspapers/pastpapers/pdfs/2014/cruijssen.pdf}},
	note = {Accessed: 2015/11/12}
}

@misc{AER407_ElectricalPresentation,
	author={R. Gillet},
	title={{AER407 Electrical Presentation}},
	year={2015},
	note = {Accessed: 2015/11/08}
}

@misc{BAE_product,
	author={BAE Systems},
	title={{2013-2014 Short-form Product Guide - Radiation Hardened Electronics}},
	howpublished = {\url{http://www.baesystems.com/en/download-en/20151109141913/1434554723601.pdf}},
	year={2013},
	note = {Accessed: 2015/11/22}
}

@misc{Lockheed_RAD6000,
	author={Lockheed Martin},
	title={{RAD6000 Radiation Hardened 32-Bit Processor}},
	howpublished = {\url{http://ps-2.kev009.com/rs6000/docs/rad6000.pdf}},
	note = {Accessed: 2015/11/22}
}

@misc{BAE_RAD6000,
	author={BAE Systems},
	title={{RAD6000 Space Computers}},
	howpublished = {\url{https://montcs.bloomu.edu/~bobmon/PDFs/RAD6000_Space_Computers.pdf}},
	year={2004},
	note = {Accessed: 2015/11/22}
}

@misc{BAE_RAD750,
	author={BAE Systems},
	title={{RAD750 Radiation-Hardened PowerPC microprocessor}},
	howpublished = {\url{http://www.baesystems.com/en/download-en/20151109162258/1434555668211.pdf}},
	year={2008},
	note = {Accessed: 2015/11/22}
}

@misc{Vis_RAD750,
	author={P. J. Vis},
	title={{RAD750 Processor}},
	howpublished = {\url{http://www.petervis.com/Vintage%20Chips/PowerPC%20750/RAD750.html}},
	note = {Accessed: 2015/11/22}
}

@misc{CPUShack_Spacecomp,
	author={The CPUShack},
	title={{The CPUs of Spacecraft Computers in Space}},
	howpublished = {\url{http://www.cpushack.com/space-craft-cpu.html}},
	year={2012},
	note = {Accessed: 2015/11/22}
}

@misc{FutureSS_robot,
	author={R. Rembala and C. Ower},
	title={{Robotic assembly and maintenance of future space stations based on the ISS mission operations experience}},
	howpublished = {\url{http://www.sciencedirect.com/science/article/pii/S0094576509001830}},
	year={2009},
	note = {Accessed: 2015/11/22}
}

@misc{BBC_redundancy,
	author={BBC Bitesize},
	title={{Reliability and backing up}},
	howpublished = {\url{http://www.bbc.co.uk/education/guides/z9tf9j6/revision/5}},
	year={2015},
	note = {Accessed: 2015/11/22}
}

@misc{NI_redundancy,
	author={National Instruments},
	title={{Redundant System Basic Concepts}},
	howpublished = {\url{http://www.ni.com/white-paper/6874/en/}},
	year={2015},
	note = {Accessed: 2015/11/22}
}

@misc{teach_redundancy,
	author={teach-ict.com},
	title={{Software redundancy}},
	howpublished = {\url{http://www.teach-ict.com/gcse_computing/ocr/211_hardware_software/reliability/miniweb/pg6.htm	}},
	note = {Accessed: 2015/11/22}
}

@misc{manipulator_control,
	author={Z. Li{,} W. W. Melek and C. Clark},
	title={{Decentralized robust control of robot manipulators with harmonic drive transmission and application to modular and reconfigurable serial arms}},
	howpublished = {\url{http://journals2.scholarsportal.info.myaccess.library.utoronto.ca/pdf/02635747/v27i0002/291_drcormtmarsa.xml}},
	year={2008},
	note = {Accessed: 2015/11/22}
}

@misc{decentralized_overview,
	author={L. Bakule},
	title={{Decentralized control: An overview}},
	howpublished = {\url{http://foresight.ifmo.ru/ict/shared/files/201311/1_123.pdf}},
	year={2008},
	note = {Accessed: 2015/11/22}
}

@misc{AER407_controlsnotes,
	author={C. Damaren},
	title={{AER407H1F Space Systems Design Control Lecture }},
	howpublished = {\url{https://portal.utoronto.ca/bbcswebdav/pid-4871770-dt-content-rid-29203828_2/courses/Fall-2015-AER407H1-F-PRA0101/aer407_controls_final%281%29.pdf}},
	year={2015},
	note = {Accessed: 2015/11/22}
}

@misc{temp_sensors,
	author={W. Kester{,} J. Bryant and W. Jung},
	title={{Temperature Sensors}},
	howpublished = {\url{http://www.analog.com/media/cn/training-seminars/design-handbooks/temperature_sensors_chapter7.pdf}},
	note = {Accessed: 2015/11/22}
}

@misc{ERA_mech,
	author={P.J. Lambooy{,} W. Mandersloot and R. H. Bentall},
	title={{Some mechanical design aspects of the European Robotic Arm}},
	howpublished = {\url{http://ntrs.nasa.gov/archive/nasa/casi.ntrs.nasa.gov/19950020842.pdf}},
	note = {Accessed: 2015/11/22}
}

@misc{china_spacerobo,
	author={H. Liu},
	title={{An Overview of the Space Robotics Progress in China}},
	howpublished = {\url{http://robotics.estec.esa.int/i-SAIRAS/isairas2014/Data/Plenaries/ISAIRAS_FinalPaper_0152.pdf}},
	note = {Accessed: 2015/11/22}
}

@misc{ERA_jointctrl,
	author={J. F. T. Bos and R. A. Bosman},
	title={{Control of the joint runaway hazard for the European Robotic Arm}},
	howpublished = {\url{http://s3.amazonaws.com/zanran_storage/www.nlr.nl/ContentPages/18804953.pdf}},
	year={1998},
	note = {Accessed: 2015/11/22}
}

@misc{ERA_collisionprevent,
	author={F. Fusco and R. Gallerini},
	title={{European Robotic Arm: The Problem of Preventing Collisions}},
	howpublished = {\url{http://robotics.estec.esa.int/ASTRA/Astra2000/Papers/2.1-1.pdf}},
	note = {Accessed: 2015/11/22}
}

@book{Space_teleop_robot,
	author={A. R. Seebass{,} S. B. Skaar and C. F. Ruoff},
	title={{Teleoperation and Robotics in Space}},
	publisher={American Institute of Aeronautics and Astronautics},
	volume={161}
}

@misc{MSSS_cameras,
	author={Malin Space Science Systems},
	title={{ECAM-C30}},
	howpublished = {\url{http://www.msss.com/brochures/c30.pdf}},
	year={2013},
	note = {Accessed: 2015/11/22}
}

@misc{highres_proxsensor,
	author={R. Blaser},
	title={{High Resolution Standard Proximity Sensor }},
	howpublished = {\url{http://www.vibro-meter.com/pdf/hrsps-info.pdf}},
	note = {Accessed: 2015/11/22}
}

@misc{ATI_forcesensor,
	author={ATI Industrial Automation},
	title={{Capacitive 6-Axis Force Sensor: Installation and Operation Manual}},
	howpublished = {\url{http://www.ati-ia.com/app_content/Documents/9610-05-Capacitive%206-Axis%20Force%20Sensor.pdf}},
	year={},
	note = {Accessed: 2015/11/22}
}

@misc{Honeywell_torquesensor,
	author={Honeywell},
	title={{TMS 9000 Rotary Torque Measurement System}},
	howpublished = {\url{https://stevenengineering.com/tech_support/PDFs/31TORQUE.pdf}},
	note = {Accessed: 2015/11/22}
}

@misc{teach_hwredundancy,
	author={teach-ict.com},
	title={{Redundancy}},
	howpublished = {\url{http://www.teach-ict.com/gcse_computing/ocr/211_hardware_software/reliability/miniweb/pg4.htm}},
	note = {Accessed: 2015/11/24}
}

@book{PMA_hwredundancy,
	author={B. G. Lipt\'{a}k},
	title={{Process Management and Analysis}},
	publisher={CRC Press}
}

@misc{moon_farside,
	author={Leonard David},
	title={{NASA Mulls Deep-Space Station on Moon's Far Side}},
	howpublished = {\url{http://www.space.com/17856-nasa-deep-space-station-moon-farside.html}},
	year={2012},
	note = {Accessed: 2015/12/05}
}

@misc{deep_space,
	author={David Smitherman, Brand N. Griffin},
	title={{Habitat Concepts for Deep Space Exploration}},
	howpublished = {\url{http://ntrs.nasa.gov/archive/nasa/casi.ntrs.nasa.gov/20140012883.pdf}},
	year={2014},
	note = {Accessed: 2015/12/05}
}

@misc{deep_auto,
	author={C. Langley, A. Allen, F. Kabanza, P. Bellefeuille},
	title={{Toward Autonomy for Deep-Space Infrastructure}},
	howpublished = {\url{http://robotics.estec.esa.int/i-SAIRAS/isairas2014/Data/Session%2010c/ISAIRAS_FinalPaper_0042.pdf}},
	year={2014},
	note = {Accessed: 2015/12/05}
}

@misc{OST,
	title={{Treaty on Principles Governing the Activities of States in the Exploration and Use of Outer Space, including the Moon and Other Celestial Bodies}},
	author={United Nations},
	howpublished={\url{http://www.unoosa.org/pdf/gares/ARES_21_2222E.pdf}},
	year={1966}
  	note = {Accessed: 2015/12/05}
}

@misc{IDSS,
	title={{International Docking System Standard (IDSS)
Interface Definition Document (IDD)}},
	author={NASA},
	howpublished={\url{http://www.nasa.gov/pdf/490477main_idss_idd_rev101810%200924.pdf}},
	year={2010}
  	note = {Accessed: 2015/12/05}
}

@misc{Asteroid,
	title={{METEORITE OR METEORWRONG? - density and specific gravity}},
	author={R. L. Korotev},
	howpublished={\url{http://meteorites.wustl.edu/id/density.htm}},
  	note = {Accessed: 2015/09/22}
}

@misc{malfunction,
	author={Jeffrey J. Biesiadecki, P. Chris Leger, MarkW. Maimone},
	title={{Tradeoffs Between Directed and Autonomous Driving on the Mar  Exploration Rovers}},
	howpublished = {\url{https://www-robotics.jpl.nasa.gov/publications/Mark_Maimone/tradeoffs_ijrr_07.pdf}},
	year={2007},
	note = {Accessed: 2015/12/05}
}

@book{thermal_sys,
	author={David G. Gilmore},
	title={{Spacecraft Thermal Control Handbook, Volume I: Fundamental Technologies}},
	publisher={Aerospace Corp},
	year={2002}	
}

@book{comb_thermal,
	author={},
	title={{GOES I-M DataBook}},
	howpublished = {\url{http://goes.gsfc.nasa.gov/text/databook/section13.pdf}},
	publisher={Space Systems Loral},
	year={1996}	
}

@misc{solar_panel,
	author={Arthur Smith},
	title={{The Case For Space Based Solar Power Development}},
	howpublished = {\url{http://www.spacedaily.com/news/ssp-03b.html}},
	year={2003},
	note = {Accessed: 2015/12/05}
}

@book{ca_era_communication,
	author={Gary E. Musgrave Ph.D, Axel Larsen, Tommaso Sgobba},
	title={{Safety Design for Space Systems}},
	publisher={Elsevier Science},
	year={2009}
}

@misc{Pittman_motor,
	author={Mike Lefebvre},
	title={{Empowering Proper Selection of Motor Technology}},
	howpublished = {\url{http://www.pittman-motors.com/portals/0/resources/empowering_proper_selection_of_motor_technology.pdf}},
	note = {Accessed: 2015/11/22}
}

@misc{,
	author={},
	title={{}},
	howpublished = {\url{}},
	year={},
	note = {Accessed: 2015/11/22}
}
